<collection xmlns="http://www.loc.gov/MARC21/slim">
<record>
  <leader>01411nam0a2200253 i 450 </leader>
  <controlfield tag="001">IT\ICCU\CNCE\059469</controlfield>
  <controlfield tag="005">20160309000000.0</controlfield>
  <datafield tag="012" ind1=" " ind2=" ">
    <subfield code="a">i*de tema e,ri ongp (3) 1531 (A)</subfield>
    <subfield code="2">fei</subfield>
  </datafield>
  <datafield tag="100" ind1=" " ind2=" ">
    <subfield code="a">20041020d1531        0itac0103    ba</subfield>
  </datafield>
  <datafield tag="101" ind1=" " ind2=" ">
    <subfield code="a">LAT</subfield>
  </datafield>
  <datafield tag="102" ind1=" " ind2=" ">
    <subfield code="a">IT</subfield>
  </datafield>
  <datafield tag="200" ind1="1" ind2=" ">
    <subfield code="a">Commentaria diui Ioannis Antonii Rubei Alexandrini sacri lateranensis Palatii imperialis consistorii comitis ac supremi consilii Sabaudie senatoris super utile De Morte de oper. noui nuncia. Edita in famosa uniuersitate Valentie de anno MDXX. .. Cum nonnullis additionibus factis Taurini vbi nunc legit. Antonius de Rochefort Lugdunensis lectori</subfield>
  </datafield>
  <datafield tag="210" ind1=" " ind2=" ">
    <subfield code="a">\Torino!</subfield>
    <subfield code="c">excudebatur</subfield>
    <subfield code="d">1531</subfield>
    <subfield code="e">\Torino!</subfield>
    <subfield code="g">excudebat Antonius Ranotus</subfield>
    <subfield code="h">anno 1531</subfield>
    <subfield code="h">die 26 aprilis</subfield>
  </datafield>
  <datafield tag="215" ind1=" " ind2=" ">
    <subfield code="a">XXXIII, \5! c.</subfield>
    <subfield code="d">fol</subfield>
  </datafield>
  <datafield tag="620" ind1=" " ind2=" ">
    <subfield code="a">IT</subfield>
    <subfield code="d">Torino</subfield>
  </datafield>
  <datafield tag="700" ind1=" " ind2="1">
    <subfield code="a">De_Rossi,</subfield>
    <subfield code="b">Giovanni Antonio</subfield>
    <subfield code="3">IT\ICCU\CNCA\008719</subfield>
  </datafield>
  <datafield tag="712" ind1="0" ind2="0">
    <subfield code="a">Ranoto, Antonio</subfield>
    <subfield code="3">IT\ICCU\CNCT\000382</subfield>
    <subfield code="4">650</subfield>
  </datafield>
  <datafield tag="790" ind1=" " ind2="1">
    <subfield code="a">Rubeus,</subfield>
    <subfield code="b">Iohannes Antonius : de</subfield>
    <subfield code="3">IT\ICCU\CNCA\016664</subfield>
    <subfield code="z">De_Rossi, Giovanni Antonio</subfield>
  </datafield>
  <datafield tag="790" ind1=" " ind2="1">
    <subfield code="a">Rossi,</subfield>
    <subfield code="b">Giovanni Antonio</subfield>
    <subfield code="3">IT\ICCU\CNCA\016679</subfield>
    <subfield code="z">De_Rossi, Giovanni Antonio</subfield>
  </datafield>
  <datafield tag="791" ind1="0" ind2="0">
    <subfield code="a">Ranotus, Antonius</subfield>
    <subfield code="3">IT\ICCU\CNCT\005306</subfield>
    <subfield code="z">Ranoto, Antonio</subfield>
  </datafield>
  <datafield tag="801" ind1=" " ind2="3">
    <subfield code="a">IT</subfield>
    <subfield code="b">ICCU</subfield>
    <subfield code="c">20201115</subfield>
  </datafield>
  <datafield tag="899" ind1=" " ind2=" ">
    <subfield code="a">Biblioteca civica F. Calvo. Alessandria</subfield>
    <subfield code="z">MUTILO</subfield>
    <subfield code="1">AL0002</subfield>
    <subfield code="2">TO0 41</subfield>
  </datafield>
  <datafield tag="899" ind1=" " ind2=" ">
    <subfield code="a">Biblioteca del Seminario vescovile Santa Maria della Pace. Cremona</subfield>
    <subfield code="1">CR0061</subfield>
    <subfield code="2">PBE 48</subfield>
  </datafield>
  <datafield tag="899" ind1=" " ind2=" ">
    <subfield code="a">British Library. London</subfield>
    <subfield code="1">UK0001</subfield>
  </datafield>
</record>
</collection>
